@article{Terzopoulos:1987:EDM:37402.37427,
 author = {Terzopoulos, Demetri and Platt, John and Barr, Alan and Fleischer, Kurt},
 title = {Elastically Deformable Models},
 journal = {SIGGRAPH Comput. Graph.},
 issue_date = {July 1987},
 volume = {21},
 number = {4},
 month = aug,
 year = {1987},
 issn = {0097-8930},
 pages = {205--214},
 numpages = {10},
 url = {http://doi.acm.org/10.1145/37402.37427},
 doi = {10.1145/37402.37427},
 acmid = {37427},
 publisher = {ACM},
 address = {New York, NY, USA},
}

@inproceedings{Levine:2015:PPS:2849517.2849526,
 author = {Levine, J. A. and Bargteil, A. W. and Corsi, C. and Tessendorf, J. and Geist, R.},
 title = {A Peridynamic Perspective on Spring-mass Fracture},
 booktitle = {Proceedings of the ACM SIGGRAPH/Eurographics Symposium on Computer Animation},
 series = {SCA '14},
 year = {2014},
 location = {Copenhagen, Denmark},
 pages = {47--55},
 numpages = {9},
 url = {http://dl.acm.org/citation.cfm?id=2849517.2849526},
 acmid = {2849526},
 publisher = {Eurographics Association},
 address = {Aire-la-Ville, Switzerland, Switzerland},
}

@article{ Silling2000,
          title = "Reformulation of elasticity theory for discontinuities and long-range forces ",
          journal = "Journal of the Mechanics and Physics of Solids ",
          volume = "48",
          number = "1",
          pages = "175 - 209",
          year = "2000",
          note = "",
          issn = "0022-5096",
          doi = "http://dx.doi.org/10.1016/S0022-5096(99)00029-0",
          url = "http://www.sciencedirect.com/science/article/pii/S0022509699000290",
          author = "S.A. Silling",
          keywords = "Dynamics",
          keywords = "Elastic material",
          keywords = "Fracture",
          keywords = "Stability and bifurcation",
          keywords = "Stress waves "
}

@incollection{emmrich2013peridynamics,
  title={Peridynamics: a nonlocal continuum theory},
  author={Emmrich, Etienne and Lehoucq, Richard B and Puhst, Dimitri},
  booktitle={Meshfree Methods for Partial Differential Equations VI},
  pages={45--65},
  year={2013},
  publisher={Springer}
}

@article{silling2007peridynamic,
  title={Peridynamic states and constitutive modeling},
  author={Silling, Stewart A and Epton, M and Weckner, O and Xu, J and Askari, E},
  journal={Journal of Elasticity},
  volume={88},
  number={2},
  pages={151--184},
  year={2007},
  publisher={Springer}
}

@article{mitchell2011nonlocal,
  title={A nonlocal, ordinary, state-based plasticity model for peridynamics},
  author={Mitchell, John A},
  journal={SAND report},
  volume={7597},
  year={2011}
}

@book{madenci2014peridynamic,
  title={Peridynamic theory and its applications},
  author={Madenci, Erdogan and Oterkus, Erkan},
  year={2014},
  publisher={Springer}
}

@inproceedings{Liu:2011:AKM:2065362.2066108,
 author = {Liu, Ning and Zhu, Fei and Li, Sheng and Wang, Guoping},
 title = {Anisotropic Kernels for Meshless Elastic Solids},
 booktitle = {Proceedings of the 2011 12th International Conference on Computer-Aided Design and Computer Graphics},
 series = {CADGRAPHICS '11},
 year = {2011},
 isbn = {978-0-7695-4497-7},
 pages = {349--356},
 numpages = {8},
 url = {http://dx.doi.org/10.1109/CAD/Graphics.2011.33},
 doi = {10.1109/CAD/Graphics.2011.33},
 acmid = {2066108},
 publisher = {IEEE Computer Society},
 address = {Washington, DC, USA},
 keywords = {Anisotropic Kernels, Meshless, Solid Simulation},
}

@article{Zhu:2016MPM,
 author = {Zhu, Fei and Zhao, Jing and Li, Sheng and Tang, Yong and Wang, Guoping},
 title = {Dynamically Enriched MPM for Invertible Elasticity},
 journal = {Comput. Graph. Forum},
 year = {2016},
 note  ={In Press}
 publisher = {The Eurographs Association \&\#38; John Wiley \&\#38; Sons, Ltd.},
 address = {Chichester, UK},
}

@inproceedings{Muller:2004:IVM:1006058.1006087,
 author = {M\"{u}ller, Matthias and Gross, Markus},
 title = {Interactive Virtual Materials},
 booktitle = {Proceedings of Graphics Interface 2004},
 series = {GI '04},
 year = {2004},
 isbn = {1-56881-227-2},
 location = {London, Ontario, Canada},
 pages = {239--246},
 numpages = {8},
 url = {http://dl.acm.org/citation.cfm?id=1006058.1006087},
 acmid = {1006087},
 publisher = {Canadian Human-Computer Communications Society},
 address = {School of Computer Science, University of Waterloo, Waterloo, Ontario, Canada},
 keywords = {elasticity, finite element method, fracture, large deformations, physically based animation, plasticity, stiffness warping},
}

@inproceedings{Irving:2004:IFE:1028523.1028541,
 author = {Irving, G. and Teran, J. and Fedkiw, R.},
 title = {Invertible Finite Elements for Robust Simulation of Large Deformation},
 booktitle = {Proceedings of the 2004 ACM SIGGRAPH/Eurographics Symposium on Computer Animation},
 series = {SCA '04},
 year = {2004},
 isbn = {3-905673-14-2},
 location = {Grenoble, France},
 pages = {131--140},
 numpages = {10},
 url = {http://dx.doi.org/10.1145/1028523.1028541},
 doi = {10.1145/1028523.1028541},
 acmid = {1028541},
 publisher = {Eurographics Association},
 address = {Aire-la-Ville, Switzerland, Switzerland},
}

@inproceedings{Teran:2005:RQF:1073368.1073394,
 author = {Teran, Joseph and Sifakis, Eftychios and Irving, Geoffrey and Fedkiw, Ronald},
 title = {Robust Quasistatic Finite Elements and Flesh Simulation},
 booktitle = {Proceedings of the 2005 ACM SIGGRAPH/Eurographics Symposium on Computer Animation},
 series = {SCA '05},
 year = {2005},
 isbn = {1-59593-198-8},
 location = {Los Angeles, California},
 pages = {181--190},
 numpages = {10},
 url = {http://doi.acm.org/10.1145/1073368.1073394},
 doi = {10.1145/1073368.1073394},
 acmid = {1073394},
 publisher = {ACM},
 address = {New York, NY, USA},
}

@inproceedings{Sifakis:2012:FSD:2343483.2343501,
 author = {Sifakis, Eftychios and Barbic, Jernej},
 title = {FEM Simulation of 3D Deformable Solids: A Practitioner's Guide to Theory, Discretization and Model Reduction},
 booktitle = {ACM SIGGRAPH 2012 Courses},
 series = {SIGGRAPH '12},
 year = {2012},
 isbn = {978-1-4503-1678-1},
 location = {Los Angeles, California},
 pages = {20:1--20:50},
 articleno = {20},
 numpages = {50},
 url = {http://doi.acm.org/10.1145/2343483.2343501},
 doi = {10.1145/2343483.2343501},
 acmid = {2343501},
 publisher = {ACM},
 address = {New York, NY, USA},
}

@inproceedings{Muller:2003:PFS:846276.846298,
 author = {M\"{u}ller, Matthias and Charypar, David and Gross, Markus},
 title = {Particle-based Fluid Simulation for Interactive Applications},
 booktitle = {Proceedings of the 2003 ACM SIGGRAPH/Eurographics Symposium on Computer Animation},
 series = {SCA '03},
 year = {2003},
 isbn = {1-58113-659-5},
 location = {San Diego, California},
 pages = {154--159},
 numpages = {6},
 url = {http://dl.acm.org/citation.cfm?id=846276.846298},
 acmid = {846298},
 publisher = {Eurographics Association},
 address = {Aire-la-Ville, Switzerland, Switzerland},
}

@article{Pauly:2005:MAF:1073204.1073296,
 author = {Pauly, Mark and Keiser, Richard and Adams, Bart and Dutr{\'e}, Philip and Gross, Markus and Guibas, Leonidas J.},
 title = {Meshless Animation of Fracturing Solids},
 journal = {ACM Trans. Graph.},
 issue_date = {July 2005},
 volume = {24},
 number = {3},
 month = jul,
 year = {2005},
 issn = {0730-0301},
 pages = {957--964},
 numpages = {8},
 url = {http://doi.acm.org/10.1145/1073204.1073296},
 doi = {10.1145/1073204.1073296},
 acmid = {1073296},
 publisher = {ACM},
 address = {New York, NY, USA},
 keywords = {elasticity, fracture, meshless methods, physics-based animation, plasticity},
}

@article{Stomakhin:2013:MPM:2461912.2461948,
 author = {Stomakhin, Alexey and Schroeder, Craig and Chai, Lawrence and Teran, Joseph and Selle, Andrew},
 title = {A Material Point Method for Snow Simulation},
 journal = {ACM Trans. Graph.},
 issue_date = {July 2013},
 volume = {32},
 number = {4},
 month = jul,
 year = {2013},
 issn = {0730-0301},
 pages = {102:1--102:10},
 articleno = {102},
 numpages = {10},
 url = {http://doi.acm.org/10.1145/2461912.2461948},
 doi = {10.1145/2461912.2461948},
 acmid = {2461948},
 publisher = {ACM},
 address = {New York, NY, USA},
 keywords = {material point, physically-based modeling, snow simulation},
}

@article{Terzopoulos:1988:MID:378456.378522,
 author = {Terzopoulos, Demetri and Fleischer, Kurt},
 title = {Modeling Inelastic Deformation: Viscolelasticity, Plasticity, Fracture},
 journal = {SIGGRAPH Comput. Graph.},
 issue_date = {Aug. 1988},
 volume = {22},
 number = {4},
 month = jun,
 year = {1988},
 issn = {0097-8930},
 pages = {269--278},
 numpages = {10},
 url = {http://doi.acm.org/10.1145/378456.378522},
 doi = {10.1145/378456.378522},
 acmid = {378522},
 publisher = {ACM},
 address = {New York, NY, USA},
 keywords = {animation, deformation, dynamics, elasticity, modeling, simulation},
}

@article{O'Brien:2002:GMA:566654.566579,
 author = {O'Brien, James F. and Bargteil, Adam W. and Hodgins, Jessica K.},
 title = {Graphical Modeling and Animation of Ductile Fracture},
 journal = {ACM Trans. Graph.},
 issue_date = {July 2002},
 volume = {21},
 number = {3},
 month = jul,
 year = {2002},
 issn = {0730-0301},
 pages = {291--294},
 numpages = {4},
 url = {http://doi.acm.org/10.1145/566654.566579},
 doi = {10.1145/566654.566579},
 acmid = {566579},
 publisher = {ACM},
 address = {New York, NY, USA},
 keywords = {animation techniques, cracking, deformation, ductile fracture, dynamics, finite element method, fracture, physically based modeling, plasticity, simulation},
}

@article{Bargteil:2007:FEM:1276377.1276397,
 author = {Bargteil, Adam W. and Wojtan, Chris and Hodgins, Jessica K. and Turk, Greg},
 title = {A Finite Element Method for Animating Large Viscoplastic Flow},
 journal = {ACM Trans. Graph.},
 issue_date = {July 2007},
 volume = {26},
 number = {3},
 month = jul,
 year = {2007},
 issn = {0730-0301},
 articleno = {16},
 url = {http://doi.acm.org/10.1145/1276377.1276397},
 doi = {10.1145/1276377.1276397},
 acmid = {1276397},
 publisher = {ACM},
 address = {New York, NY, USA},
 keywords = {computational fluid dynamics, deformable models, elastoplastic, finite element methods, natural phenomena, physically based animation, viscoelastic, viscoplastic},
}

@inproceedings{Gerszewski:2009:PMA:1599470.1599488,
 author = {Gerszewski, Dan and Bhattacharya, Haimasree and Bargteil, Adam W.},
 title = {A Point-based Method for Animating Elastoplastic Solids},
 booktitle = {Proceedings of the 2009 ACM SIGGRAPH/Eurographics Symposium on Computer Animation},
 series = {SCA '09},
 year = {2009},
 isbn = {978-1-60558-610-6},
 location = {New Orleans, Louisiana},
 pages = {133--138},
 numpages = {6},
 url = {http://doi.acm.org/10.1145/1599470.1599488},
 doi = {10.1145/1599470.1599488},
 acmid = {1599488},
 publisher = {ACM},
 address = {New York, NY, USA},
}

@inproceedings{Stomakhin:2012:ECI:2422356.2422361,
 author = {Stomakhin, Alexey and Howes, Russell and Schroeder, Craig and Teran, Joseph M.},
 title = {Energetically Consistent Invertible Elasticity},
 booktitle = {Proceedings of the ACM SIGGRAPH/Eurographics Symposium on Computer Animation},
 series = {SCA '12},
 year = {2012},
 isbn = {978-3-905674-37-8},
 location = {Lausanne, Switzerland},
 pages = {25--32},
 numpages = {8},
 url = {http://dl.acm.org/citation.cfm?id=2422356.2422361},
 acmid = {2422361},
 publisher = {Eurographics Association},
 address = {Aire-la-Ville, Switzerland, Switzerland},
}

@inproceedings{Muller:2004:PBA:1028523.1028542,
 author = {M\"{u}ller, M. and Keiser, R. and Nealen, A. and Pauly, M. and Gross, M. and Alexa, M.},
 title = {Point Based Animation of Elastic, Plastic and Melting Objects},
 booktitle = {Proceedings of the 2004 ACM SIGGRAPH/Eurographics Symposium on Computer Animation},
 series = {SCA '04},
 year = {2004},
 isbn = {3-905673-14-2},
 location = {Grenoble, France},
 pages = {141--151},
 numpages = {11},
 url = {http://dx.doi.org/10.1145/1028523.1028542},
 doi = {10.1145/1028523.1028542},
 acmid = {1028542},
 publisher = {Eurographics Association},
 address = {Aire-la-Ville, Switzerland, Switzerland},
} 
