@ARTICLE{ Siling2007,
	      AUTHOR  = {Siling, S A and Epton, M and Weckner,O and Askari, A},
	      TITLE   = {Peridynamics states and constitutive modeling},
	      JOURNAL = {Journal of Elasticity},
	      VOLUME  = {88},
          PAGES   = {151-184},	
	      YEAR    = {2007}	
        }

@ARTICLE{ Siling2000,
	      AUTHOR  = {Siling, S A and Askari, E},
	      TITLE   = {A meshfree method based on the peridynamic model of solid mechanics},
	      JOURNAL = {Computers and Structures},
	      VOLUME  = {83},
          PAGES   = {1526-1535},	
	      YEAR    = {2000}	
        }

@ARTICLE{ Lien2014,
	      AUTHOR  = {Lien Muguercia and Carles Bosch and Gustavo Patow},
	      TITLE   = {Fracture modeling in computer graphics},
	      JOURNAL = {Computers and Graphics},
	      VOLUME  = {45},
          PAGES   = {86-100},	
	      YEAR    = {2014}	
        }

@ARTICLE{ Richard2007,
	        AUTHOR  = {Richard, W Macek and Siling, S A},
	        TITLE   = {A meshfree method based on the peridynamic model of solid mechanics},
	        JOURNAL = {Finite Elements in Analysis and Design},
	        VOLUME  = {43},
          PAGES   = {1169-1178},	
	        YEAR    = {2007}	
        }

@BOOK { Erdogan2014,
	      AUTHOR = {Erdogan Madenci and Erkan Oterkus},
	      TITLE = {Peridynamic Theory and Its Apllications},
	      PUBLISHER = {Springer press},
	      YEAR = {2014}
      }

@ARTICLE{ Mitchell2011a,
	        AUTHOR  = {Mitchell, J A},
	        TITLE   = {A nonlocal, ordinary, state-based plasticity model for peridynamics},
	        JOURNAL = {SAND2011-3166},	
	        YEAR    = {2011}	
        }

@ARTICLE{ Mitchell2011b,
	        AUTHOR  = {Mitchell, J A},
	        TITLE   = {A non-local, ordinary-state-based viscoplasticity model for peridynamics},
	        JOURNAL = {SAND2011-8064},	
	        YEAR    = {2011}	
        }

@ARTICLE{ Bao2007,
	        AUTHOR  = {haosheng Bao and Jeong-Mo Hong and Joseph Teran and Ronald Fedkiw},
	        TITLE   = {Fracturing Rigid Materials},
	        JOURNAL = {IEEE TRANSACTIONS ON VISUALIZATION AND COMPUTER GRAPHICS},	
	        YEAR    = {2007},	
            volume  = {13},
            pages   = {370-378}
        }

@inproceedings{ Levine2014,
                author = {Joshua A. Levine and Adam W. Bargteil and Christopher Corsi and Jerry Tessendorf and Robert Geist},
                title = {A Peridynamic Perspective on Spring-Mass Fracture},
                booktitle = {Proceedings of the ACM SIGGRAPH/Eurographics Symposium on Computer Animation},
                year = {2014},
                month = {Jul},
                location = {Copenhagen, Denmark}
              }

@inproceedings{ Obrien1999,
                publisher = {ACM Press/Addison-Wesley Publishing Co.},
                doi = {http://doi.acm.org/10.1145/311535.311550},
                title = {Graphical Modeling and Animation of Brittle Fracture},
                booktitle = {Proceedings of ACM SIGGRAPH 1999},
                author = {James F. O'Brien and Jessica K. Hodgins},
                month = aug,
                year = 1999,
                pages = {137--146},
                url = {http://graphics.cs.berkeley.edu/papers/Obrien-GMA-1999-08/},
              }

@inproceedings{ Obrien2002,
                publisher = {ACM Press},
                title = {Graphical Modeling and Animation of Ductile Fracture},
                booktitle = {Proceedings of ACM SIGGRAPH 2002},
                author = {James F. O'Brien and Adam W. Bargteil and Jessica K. Hodgins},
                month = aug,
                location = {San Antonio, Texas},
                year = 2002,
                pages = {291--294},
                url = {http://graphics.cs.berkeley.edu/papers/Obrien-GMA-2002-08/},
              }

@article{ Silling2000,
          title = "Reformulation of elasticity theory for discontinuities and long-range forces ",
          journal = "Journal of the Mechanics and Physics of Solids ",
          volume = "48",
          number = "1",
          pages = "175 - 209",
          year = "2000",
          note = "",
          issn = "0022-5096",
          doi = "http://dx.doi.org/10.1016/S0022-5096(99)00029-0",
          url = "http://www.sciencedirect.com/science/article/pii/S0022509699000290",
          author = "S.A. Silling",
          keywords = "Dynamics",
          keywords = "Elastic material",
          keywords = "Fracture",
          keywords = "Stability and bifurcation",
          keywords = "Stress waves "
}

@inproceedings{ Zhang2006,
                author = {Zhang, Nan and Zhou, Xiangmin and Sha, Desong and Yuan, Xiaoru and Tamma, Kumar and Chen, Baoquan},
                title = {Integrating Mesh and Meshfree Methods for Physics-based Fracture and Debris Cloud Simulation},
                booktitle = {Proceedings of the 3rd Eurographics / IEEE VGTC Conference on Point-Based Graphics},
                series = {SPBG'06},
                year = {2006},
                isbn = {3-905673-32-0},
                location = {Boston, Massachusetts},
                pages = {145--154},
                numpages = {10},
                url = {http://dx.doi.org/10.2312/SPBG/SPBG06/145-154},
                doi = {10.2312/SPBG/SPBG06/145-154},
                acmid = {2386409},
                publisher = {Eurographics Association},
                address = {Aire-la-Ville, Switzerland, Switzerland},
              }

@article { Chen2013,
           author = {Chen, Feibin and Wang, Changbo and Xie, Buying and Qin, Hong},
           title = {Flexible and rapid animation of brittle fracture using the smoothed particle hydrodynamics formulation},
           journal = {Computer Animation and Virtual Worlds},
           volume = {24},
           number = {3-4},
           issn = {1546-427X},
           url = {http://dx.doi.org/10.1002/cav.1514},
           doi = {10.1002/cav.1514},
           pages = {215--224},
           keywords = {animation, smoothed particles hydrodynamics (SPH), brittle fracture},
           year = {2013},
        }

@article{Terzopoulos1987,
 author = {Terzopoulos, Demetri and Platt, John and Barr, Alan and Fleischer, Kurt},
 title = {Elastically Deformable Models},
 journal = {SIGGRAPH Comput. Graph.},
 issue_date = {July 1987},
 volume = {21},
 number = {4},
 month = aug,
 year = {1987},
 issn = {0097-8930},
 pages = {205--214},
 numpages = {10},
 url = {http://doi.acm.org/10.1145/37402.37427},
 doi = {10.1145/37402.37427},
 acmid = {37427},
 publisher = {ACM},
 address = {New York, NY, USA},
}

@article{Terzopoulos1988,
 author = {Terzopoulos, Demetri and Fleischer, Kurt},
 title = {Modeling Inelastic Deformation: Viscolelasticity, Plasticity, Fracture},
 journal = {SIGGRAPH Comput. Graph.},
 issue_date = {Aug. 1988},
 volume = {22},
 number = {4},
 month = jun,
 year = {1988},
 issn = {0097-8930},
 pages = {269--278},
 numpages = {10},
 url = {http://doi.acm.org/10.1145/378456.378522},
 doi = {10.1145/378456.378522},
 acmid = {378522},
 publisher = {ACM},
 address = {New York, NY, USA},
 keywords = {animation, deformation, dynamics, elasticity, modeling, simulation},
}

@article{Norton1991,
year={1991},
issn={0178-2789},
journal={The Visual Computer},
volume={7},
number={4},
doi={10.1007/BF01900837},
title={Animation of fracture by physical modeling},
url={http://dx.doi.org/10.1007/BF01900837},
publisher={Springer-Verlag},
keywords={Modeling; Animation; Deformation; Collision detection; Simulation; Dynamics},
author={Norton, Alan and Turk, Greg and Bacon, Bob and Gerth, John and Sweeney, Paula},
pages={210-219},
language={English}
}

@article {Smith2001,
author = {Smith, Jeffrey and Witkin, Andrew and Baraff, David},
title = {Fast and Controllable Simulation of the Shattering of Brittle Objects},
journal = {Computer Graphics Forum},
volume = {20},
number = {2},
publisher = {Blackwell Publishers Ltd},
issn = {1467-8659},
url = {http://dx.doi.org/10.1111/1467-8659.00480},
doi = {10.1111/1467-8659.00480},
pages = {81--91},
keywords = {physically based modeling, computer animation, impact, brittle materials},
year = {2001},
}

@inproceedings{Muller2004a,
 author = {M\"{u}ller, Matthias and Gross, Markus},
 title = {Interactive Virtual Materials},
 booktitle = {Proceedings of Graphics Interface 2004},
 series = {GI '04},
 year = {2004},
 isbn = {1-56881-227-2},
 location = {London, Ontario, Canada},
 pages = {239--246},
 numpages = {8},
 url = {http://dl.acm.org/citation.cfm?id=1006058.1006087},
 acmid = {1006087},
 publisher = {Canadian Human-Computer Communications Society},
 address = {School of Computer Science, University of Waterloo, Waterloo, Ontario, Canada},
 keywords = {elasticity, finite element method, fracture, large deformations, physically based animation, plasticity, stiffness warping},
}

@inproceedings{Muller2001,
 author = {M\"{u}ller, Matthias and McMillan, Leonard and Dorsey, Julie and Jagnow, Robert},
 title = {Real-time Simulation of Deformation and Fracture of Stiff Materials},
 booktitle = {Proceedings of the Eurographic Workshop on Computer Animation and Simulation},
 year = {2001},
 isbn = {3-211-83711-6},
 location = {Manchester, UK},
 pages = {113--124},
 numpages = {12},
 url = {http://dl.acm.org/citation.cfm?id=776350.776361},
 acmid = {776361},
 publisher = {Springer-Verlag New York, Inc.},
 address = {New York, NY, USA},
}

@inproceedings{Parker2009,
 author = {Parker, Eric G. and O'Brien, James F.},
 title = {Real-time Deformation and Fracture in a Game Environment},
 booktitle = {Proceedings of the 2009 ACM SIGGRAPH/Eurographics Symposium on Computer Animation},
 series = {SCA '09},
 year = {2009},
 isbn = {978-1-60558-610-6},
 location = {New Orleans, Louisiana},
 pages = {165--175},
 numpages = {11},
 url = {http://doi.acm.org/10.1145/1599470.1599492},
 doi = {10.1145/1599470.1599492},
 acmid = {1599492},
 publisher = {ACM},
 address = {New York, NY, USA},
 keywords = {Star Wars: The Force Unleashed, deformation, fracture, game physics, physics engine, real-time physics, simulation},
}

@article{Kaufmann2009,
 author = {Kaufmann, Peter and Martin, Sebastian and Botsch, Mario and Grinspun, Eitan and Gross, Markus},
 title = {Enrichment Textures for Detailed Cutting of Shells},
 journal = {ACM Trans. Graph.},
 issue_date = {August 2009},
 volume = {28},
 number = {3},
 month = jul,
 year = {2009},
 issn = {0730-0301},
 pages = {50:1--50:10},
 articleno = {50},
 numpages = {10},
 url = {http://doi.acm.org/10.1145/1531326.1531356},
 doi = {10.1145/1531326.1531356},
 acmid = {1531356},
 publisher = {ACM},
 address = {New York, NY, USA},
}

@inproceedings{Pauly2005,
 author = {Pauly, Mark and Keiser, Richard and Adams, Bart and Dutr{\'e}, Philip and Gross, Markus and Guibas, Leonidas J.},
 title = {Meshless Animation of Fracturing Solids},
 booktitle = {ACM SIGGRAPH 2005 Papers},
 series = {SIGGRAPH '05},
 year = {2005},
 location = {Los Angeles, California},
 pages = {957--964},
 numpages = {8},
 url = {http://doi.acm.org/10.1145/1186822.1073296},
 doi = {10.1145/1186822.1073296},
 acmid = {1073296},
 publisher = {ACM},
 address = {New York, NY, USA},
 keywords = {elasticity, fracture, meshless methods, physics-based animation, plasticity},
}

@article{Liu2011,
 author = {Liu, Ning and He, Xiaowei and Li, Sheng and Wang, Guoping},
 title = {Meshless Simulation of Brittle Fracture},
 journal = {Comput. Animat. Virtual Worlds},
 issue_date = {April 2011},
 volume = {22},
 number = {2-3},
 month = apr,
 year = {2011},
 issn = {1546-4261},
 pages = {115--124},
 numpages = {10},
 url = {http://dx.doi.org/10.1002/cav.412},
 doi = {10.1002/cav.412},
 acmid = {1970303},
 publisher = {John Wiley and Sons Ltd.},
 address = {Chichester, UK},
 keywords = {brittle fracture, meshless method, rigid simulation},
}

@article{Glondu2012,
author = {L. Glondu and M. Marchal and G. Dumont},
title = {Real-Time Simulation of Brittle Fracture Using Modal Analysis},
journal ={IEEE Transactions on Visualization and Computer Graphics},
volume = {19},
number = {2},
issn = {1077-2626},
year = {2013},
pages = {201-209},
doi = {http://doi.ieeecomputersociety.org/10.1109/TVCG.2012.121},
publisher = {IEEE Computer Society},
address = {Los Alamitos, CA, USA},
}

@article{Molino2004,
 author = {Molino, Neil and Bao, Zhaosheng and Fedkiw, Ron},
 title = {A Virtual Node Algorithm for Changing Mesh Topology During Simulation},
 journal = {ACM Trans. Graph.},
 issue_date = {August 2004},
 volume = {23},
 number = {3},
 month = aug,
 year = {2004},
 issn = {0730-0301},
 pages = {385--392},
 numpages = {8},
 url = {http://doi.acm.org/10.1145/1015706.1015734},
 doi = {10.1145/1015706.1015734},
 acmid = {1015734},
 publisher = {ACM},
 address = {New York, NY, USA},
 keywords = {changing mesh topology, finite elements, fracture, sculpting, virtual surgery},
}

@article{Steinemann2009,
 author = {Steinemann, Denis and Otaduy, Miguel A. and Gross, Markus},
 title = {Splitting Meshless Deforming Objects with Explicit Surface Tracking},
 journal = {Graph. Models},
 issue_date = {November, 2009},
 volume = {71},
 number = {6},
 month = nov,
 year = {2009},
 issn = {1524-0703},
 pages = {209--220},
 numpages = {12},
 url = {http://dx.doi.org/10.1016/j.gmod.2008.12.004},
 doi = {10.1016/j.gmod.2008.12.004},
 acmid = {1652002},
 publisher = {Academic Press Professional, Inc.},
 address = {San Diego, CA, USA},
 keywords = {Computer animation, Cutting, Deformable objects, Fracture, Meshless discretization, Topological changes},
}

@inproceedings{Schvartzman2014,
 author = {Schvartzman, Sara C. and Otaduy, Miguel A.},
 title = {Fracture Animation Based on High-dimensional Voronoi Diagrams},
 booktitle = {Proceedings of the 18th Meeting of the ACM SIGGRAPH Symposium on Interactive 3D Graphics and Games},
 series = {I3D '14},
 year = {2014},
 isbn = {978-1-4503-2717-6},
 location = {San Francisco, California},
 pages = {15--22},
 numpages = {8},
 url = {http://doi.acm.org/10.1145/2556700.2556713},
 doi = {10.1145/2556700.2556713},
 acmid = {2556713},
 publisher = {ACM},
 address = {New York, NY, USA},
 keywords = {Voronoi diagram, fracture animation},
}

@article{Muller2013,
 author = {M\"{u}ller, Matthias and Chentanez, Nuttapong and Kim, Tae-Yong},
 title = {Real Time Dynamic Fracture with Volumetric Approximate Convex Decompositions},
 journal = {ACM Trans. Graph.},
 issue_date = {July 2013},
 volume = {32},
 number = {4},
 month = jul,
 year = {2013},
 issn = {0730-0301},
 pages = {115:1--115:10},
 articleno = {115},
 numpages = {10},
 url = {http://doi.acm.org/10.1145/2461912.2461934},
 doi = {10.1145/2461912.2461934},
 acmid = {2461934},
 publisher = {ACM},
 address = {New York, NY, USA},
 keywords = {Voronoi, destruction, fracture, real time},
}

@article{Zhu2015,
 author = {Zhu, Yufeng and Bridson, Robert and Greif, Chen},
 title = {Simulating Rigid Body Fracture with Surface Meshes},
 journal = {ACM Trans. Graph.},
 issue_date = {August 2015},
 volume = {34},
 number = {4},
 month = jul,
 year = {2015},
 issn = {0730-0301},
 pages = {150:1--150:11},
 articleno = {150},
 numpages = {11},
 url = {http://doi.acm.org/10.1145/2766942},
 doi = {10.1145/2766942},
 acmid = {2766942},
 publisher = {ACM},
 address = {New York, NY, USA},
 keywords = {boundary integrals, dynamics, fast multipole method, fracture, rigid body, triangle mesh},
}

@article{Hahn2015,
 author = {Hahn, David and Wojtan, Chris},
 title = {High-resolution Brittle Fracture Simulation with Boundary Elements},
 journal = {ACM Trans. Graph.},
 issue_date = {August 2015},
 volume = {34},
 number = {4},
 month = jul,
 year = {2015},
 issn = {0730-0301},
 pages = {151:1--151:12},
 articleno = {151},
 numpages = {12},
 url = {http://doi.acm.org/10.1145/2766896},
 doi = {10.1145/2766896},
 acmid = {2766896},
 publisher = {ACM},
 address = {New York, NY, USA},
 keywords = {boundary elements, brittle fracture, crack propagation},
}

@article{Wicke2010,
 author = {Wicke, Martin and Ritchie, Daniel and Klingner, Bryan M. and Burke, Sebastian and Shewchuk, Jonathan R. and O'Brien, James F.},
 title = {Dynamic Local Remeshing for Elastoplastic Simulation},
 journal = {ACM Trans. Graph.},
 issue_date = {July 2010},
 volume = {29},
 number = {4},
 month = jul,
 year = {2010},
 issn = {0730-0301},
 pages = {49:1--49:11},
 articleno = {49},
 numpages = {11},
 url = {http://doi.acm.org/10.1145/1778765.1778786},
 doi = {10.1145/1778765.1778786},
 acmid = {1778786},
 publisher = {ACM},
 address = {New York, NY, USA},
 keywords = {adaptive refinement, dynamic meshing, elastoplasticity, finite element simulation, fracture, local remeshing, plasticity},
}

@INPROCEEDINGS{Koschier2014,
  author = {Dan Koschier and Sebastian Lipponer and Jan Bender},
  title = {Adaptive Tetrahedral Meshes for Brittle Fracture Simulation},
  booktitle = {Proceedings of the 2014 ACM SIGGRAPH/Eurographics Symposium on Computer
	Animation},
  year = {2014},
  publisher = {Eurographics Association},
  location = {Copenhagen, Denmark}
}

@inproceedings{Muller2004b,
 author = {M\"{u}ller, M. and Keiser, R. and Nealen, A. and Pauly, M. and Gross, M. and Alexa, M.},
 title = {Point Based Animation of Elastic, Plastic and Melting Objects},
 booktitle = {Proceedings of the 2004 ACM SIGGRAPH/Eurographics Symposium on Computer Animation},
 series = {SCA '04},
 year = {2004},
 isbn = {3-905673-14-2},
 location = {Grenoble, France},
 pages = {141--151},
 numpages = {11},
 url = {http://dx.doi.org/10.1145/1028523.1028542},
 doi = {10.1145/1028523.1028542},
 acmid = {1028542},

 publisher = {Eurographics Association},
 address = {Aire-la-Ville, Switzerland, Switzerland},
}

@article {Wu2015,
author = {Wu, Jun and Westermann, R\"udiger and Dick, Christian},
title = {A Survey of Physically Based Simulation of Cuts in Deformable Bodies},
journal = {Computer Graphics Forum},
volume = {34},
number = {6},
issn = {1467-8659},
url = {http://dx.doi.org/10.1111/cgf.12528},
doi = {10.1111/cgf.12528},
pages = {161--187},
keywords = {virtual cutting, deformable bodies, physically based modelling, finite elements, surgery simulation, I.3.5 [Computer Graphics]: Computational Geometry and Object Modelling-Physically based modelling, I.3.7 [Computer Graphics]: Three-Dimensional Graphics and Realism-Animation, I.3.8 [Computer Graphics]: Applications},
year = {2015},
}

@article{Silling2005,
 author = {Silling, S. A. and Askari, E.},
 title = {A Meshfree Method Based on the Peridynamic Model of Solid Mechanics},
 journal = {Comput. Struct.},
 issue_date = {June, 2005},
 volume = {83},
 number = {17-18},
 month = jun,
 year = {2005},
 issn = {0045-7949},
 pages = {1526--1535},
 numpages = {10},
 url = {http://dx.doi.org/10.1016/j.compstruc.2004.11.026},
 doi = {10.1016/j.compstruc.2004.11.026},
 acmid = {1668693},
 publisher = {Pergamon Press, Inc.},
 address = {Elmsford, NY, USA},
}

@inproceedings{Irving2004,
 author = {Irving, G. and Teran, J. and Fedkiw, R.},
 title = {Invertible Finite Elements for Robust Simulation of Large Deformation},
 booktitle = {Proceedings of the 2004 ACM SIGGRAPH/Eurographics Symposium on Computer Animation},
 series = {SCA '04},
 year = {2004},
 isbn = {3-905673-14-2},
 location = {Grenoble, France},
 pages = {131--140},
 numpages = {10},
 url = {http://dx.doi.org/10.1145/1028523.1028541},
 doi = {10.1145/1028523.1028541},
 acmid = {1028541},
 publisher = {Eurographics Association},
 address = {Aire-la-Ville, Switzerland, Switzerland},
}

@INPROCEEDINGS{Teschner03,
    author = {Matthias Teschner and Bruno Heidelberger and Matthias Mueller and Danat Pomeranets and Markus Gross},
    title = {Optimized Spatial Hashing for Collision Detection of Deformable Objects},
    booktitle = {},
    year = {2003},
    pages = {47--54}
}
